@misc{libretexts,
  title     = {Complex Eigenvalues},
  author    = {Margalit, Dan and Rabinoff, Joseph},
  url       = {https://math.libretexts.org/Bookshelves/Linear_Algebra/Interactive_Linear_Algebra_(Margalit_and_Rabinoff)/05\%3A_Eigenvalues_and_Eigenvectors/5.04\%3A_Complex_Eigenvalues},
  note = {\href{https://math.libretexts.org/Bookshelves/Linear_Algebra/Interactive_Linear_Algebra_(Margalit_and_Rabinoff)/05\%3A_Eigenvalues_and_Eigenvectors/5.04\%3A_Complex_Eigenvalues}{visit}},
}

@misc{Wikipedia,
  title     = {Eigenvalue Algorithm - Iterative Algorithms},
  author    = {{Wikipedia contributors}},
  year      = {2024},
  url       = {https://en.wikipedia.org/wiki/Eigenvalue_algorithm#Iterative_algorithms},
  note      = {\href{https://en.wikipedia.org/wiki/Eigenvalue_algorithm#Iterative_algorithms}{visit}},
}

@misc{youtubeQR,
  title     = {QR algorithm for computing eigenvalues},
  author    = {Martijn Anthonissen},
  year      = {2021},
  url       = {https://youtu.be/BfGAmw9qKsM?si=-SVCB4KBopvWzoUL},
  note      = {\href{https://youtu.be/BfGAmw9qKsM?si=-SVCB4KBopvWzoUL}{visit}},
}

@misc{youtubeeig,
  title     = {Eigenvectors and eigenvalues | Chapter 14, Essence of linear algebra},
  author    = {3Blue1Brown},
  year      = {2016},
  url       = {https://youtu.be/PFDu9oVAE-g?si=KTFYRAYWG5nLKk-6},
  note     = {\href{https://youtu.be/PFDu9oVAE-g?si=KTFYRAYWG5nLKk-6}{visit}},
}

